<record><leader>00000cas a2200000 a 4500</leader><controlfield tag="001">11242032</controlfield><controlfield tag="008">841009d18731882iauwr ne      0    0eng d</controlfield><datafield ind1=" " ind2=" " tag="010"><subfield code="a">sn 84038275 </subfield></datafield><datafield ind1=" " ind2=" " tag="040"><subfield code="a">NPX</subfield><subfield code="b">eng</subfield><subfield code="c">NPX</subfield><subfield code="d">INP</subfield><subfield code="d">MGN</subfield><subfield code="d">NVF</subfield><subfield code="d">OCL</subfield><subfield code="d">OCLCQ</subfield><subfield code="d">OCLCF</subfield><subfield code="d">OCLCO</subfield></datafield><datafield ind1="1" ind2=" " tag="029"><subfield code="a">AU@</subfield><subfield code="b">000024689306</subfield></datafield><datafield ind1=" " ind2=" " tag="042"><subfield code="a">msc</subfield></datafield><datafield ind1=" " ind2=" " tag="043"><subfield code="a">n-us-ia</subfield></datafield><datafield ind1="0" ind2=" " tag="130"><subfield code="a">Iowa liberal (Le Mars, Iowa)</subfield></datafield><datafield ind1="1" ind2="4" tag="245"><subfield code="a">The Iowa liberal.</subfield></datafield><datafield ind1=" " ind2=" " tag="260"><subfield code="a">Le Mars, Iowa :</subfield><subfield code="b">John R. Curry</subfield></datafield><datafield ind1=" " ind2=" " tag="300"><subfield code="a">v.</subfield></datafield><datafield ind1=" " ind2=" " tag="310"><subfield code="a">Weekly</subfield></datafield><datafield ind1="1" ind2=" " tag="362"><subfield code="a">Began in 1873; ceased in 1882. Cf. Bibl. of Iowa newspapers.</subfield></datafield><datafield ind1=" " ind2=" " tag="500"><subfield code="a">Publisher varies.</subfield></datafield><datafield ind1=" " ind2=" " tag="500"><subfield code="a">Editor: C.F. Leidy, &lt;1876&gt;.</subfield></datafield><datafield ind1=" " ind2=" " tag="588"><subfield code="a">Description based on: Vol. 1, no. 38 (Apr. 3, 1873).</subfield></datafield><datafield ind1=" " ind2="0" tag="651"><subfield code="a">Le Mars (Iowa)</subfield><subfield code="v">Newspapers.</subfield></datafield><datafield ind1=" " ind2="7" tag="655"><subfield code="a">Newspapers.</subfield><subfield code="2">fast</subfield><subfield code="0">(OCoLC)fst01423814</subfield></datafield><datafield ind1=" " ind2="7" tag="651"><subfield code="a">Iowa</subfield><subfield code="z">Le Mars.</subfield><subfield code="2">fast</subfield><subfield code="0">(OCoLC)fst01218590</subfield></datafield><datafield ind1=" " ind2=" " tag="752"><subfield code="a">United States</subfield><subfield code="b">Iowa</subfield><subfield code="c">Plymouth</subfield><subfield code="d">Le Mars.</subfield></datafield><datafield ind1="0" ind2=" " tag="775"><subfield code="t">Iowa liberal (Le Mars, Iowa : 1881 : Daily)</subfield><subfield code="w">(DLC)sn 87057055</subfield></datafield><datafield ind1="0" ind2=" " tag="775"><subfield code="t">Daily liberal (Le Mars, Iowa)</subfield><subfield code="w">(DLC)sn 87057056</subfield></datafield><datafield ind1="0" ind2=" " tag="775"><subfield code="t">LeMars daily liberal</subfield><subfield code="w">(DLC)sn 87057057</subfield></datafield><datafield ind1="0" ind2="4" tag="785"><subfield code="t">Lemars sentinel (Le Mars, Iowa : 1873)</subfield><subfield code="w">(DLC)sn 84024498</subfield></datafield></record>